<record><leader>00000cas a2200000 a 4500</leader><controlfield tag="001">12378315</controlfield><controlfield tag="008">850813d18851918ksuwr ne      0    0eng d</controlfield><datafield ind1=" " ind2=" " tag="010"><subfield code="a">sn 85031757 </subfield></datafield><datafield ind1=" " ind2=" " tag="040"><subfield code="a">KSH</subfield><subfield code="b">eng</subfield><subfield code="c">KSH</subfield><subfield code="d">NPT</subfield><subfield code="d">OCL</subfield><subfield code="d">OCLCQ</subfield></datafield><datafield ind1=" " ind2=" " tag="042"><subfield code="a">msc</subfield></datafield><datafield ind1="0" ind2=" " tag="130"><subfield code="a">Westmoreland recorder (Westmoreland, Kan. : 1885)</subfield></datafield><datafield ind1="1" ind2="4" tag="245"><subfield code="a">The Westmoreland recorder.</subfield></datafield><datafield ind1=" " ind2=" " tag="260"><subfield code="a">Westmoreland, Kan. :</subfield><subfield code="b">Shiner &amp; Codding,</subfield><subfield code="c">1885-1918.</subfield></datafield><datafield ind1=" " ind2=" " tag="300"><subfield code="a">33 v. :</subfield><subfield code="b">ill. ;</subfield><subfield code="c">54 cm.</subfield></datafield><datafield ind1=" " ind2=" " tag="310"><subfield code="a">Weekly</subfield></datafield><datafield ind1="0" ind2=" " tag="362"><subfield code="a">Vol. 1, no. 1 (May 7, 1885)-v. 33, no. 51 (Mar. 7, 1918).</subfield></datafield><datafield ind1=" " ind2=" " tag="500"><subfield code="a">Publisher varies.</subfield></datafield><datafield ind1=" " ind2=" " tag="500"><subfield code="a">"Republican."</subfield></datafield><datafield ind1=" " ind2=" " tag="752"><subfield code="a">United States</subfield><subfield code="b">Kansas</subfield><subfield code="c">Pottawatomie</subfield><subfield code="d">Westmoreland.</subfield></datafield><datafield ind1="0" ind2="5" tag="780"><subfield code="t">Westmoreland weekly period</subfield><subfield code="g">July 15, 1885</subfield><subfield code="w">(DLC)sn 85031756</subfield></datafield><datafield ind1="0" ind2="5" tag="780"><subfield code="t">Westmoreland indicator</subfield><subfield code="g">June 1891</subfield><subfield code="w">(DLC)sn 85031758</subfield></datafield><datafield ind1="0" ind2="7" tag="785"><subfield code="t">Westmoreland signal (Westmoreland, Kan. : 1895)</subfield><subfield code="w">(DLC)sn 85031743</subfield></datafield><datafield ind1="0" ind2="7" tag="785"><subfield code="t">Westmoreland recorder and the Westmoreland signal</subfield><subfield code="w">(DLC)sn 85031759</subfield></datafield></record>